@article{liu2021fate,
  title={FATE: An Industrial Grade Platform for Collaborative Learning With Data Protection.},
  author={Liu, Yang and Fan, Tao and Chen, Tianjian and Xu, Qian and Yang, Qiang},
  journal={J. Mach. Learn. Res.},
  volume={22},
  number={226},
  pages={1--6},
  year={2021}
}

@misc{nvidia,
  author = {Nvidia},
  title = {{NVIDIA CLARA}},
  note = {https://www.nvidia.com/en-in/clara/ [Accessed 15-Dec-2024]},
  year = {2020}, 
}

@article{yang2018applied,
  title={Applied federated learning: Improving google keyboard query suggestions},
  author={Yang, Timothy and Andrew, Galen and Eichner, Hubert and Sun, Haicheng and Li, Wei and Kong, Nicholas and Ramage, Daniel and Beaufays, Fran{\c{c}}oise},
  journal={arXiv preprint arXiv:1812.02903},
  year={2018}
}
@misc{iotana,
	author = {Iot-Analytics},
	title = {{State of IoT 2024: Number of connected IoT devices growing 13% to 18.8 billion globally}},
	note = {https://iot-analytics.com/number-connected-iot-devices/ [Accessed 15-Dec-2024]},
	year = {2024}, 
}
@inproceedings{mcmahan2017communication,
  title={Communication-efficient learning of deep networks from decentralized data},
  author={McMahan, Brendan and Moore, Eider and Ramage, Daniel and Hampson, Seth and y Arcas, Blaise Aguera},
  booktitle={Artificial intelligence and statistics},
  pages={1273--1282},
  year={2017},
  organization={PMLR}
}
@article{nguyen2022federated,
  title={Federated Learning in Ocular Imaging: Current Progress and Future Direction},
  author={Nguyen, Truong X and Ran, An Ran and Hu, Xiaoyan and Yang, Dawei and Jiang, Meirui and Dou, Qi and Cheung, Carol Y},
  journal={Diagnostics},
  volume={12},
  number={11},
  pages={2835},
  year={2022},
  publisher={MDPI}
}
@article{khan2021federated,
  title={Federated learning for internet of things: Recent advances, taxonomy, and open challenges},
  author={Khan, Latif U and Saad, Walid and Han, Zhu and Hossain, Ekram and Hong, Choong Seon},
  journal={IEEE Communications Surveys \& Tutorials},
  year={2021},
  publisher={IEEE}
}

@article{nguyen2021federated,
  title={Federated learning for internet of things: A comprehensive survey},
  author={Nguyen, Dinh C and Ding, Ming and Pathirana, Pubudu N and Seneviratne, Aruna and Li, Jun and Poor, H Vincent},
  journal={IEEE Communications Surveys \& Tutorials},
  volume={23},
  number={3},
  pages={1622--1658},
  year={2021},
  publisher={IEEE}
}


@article{xu2020client,
  title={Client selection and bandwidth allocation in wireless federated learning networks: A long-term perspective},
  author={Xu, Jie and Wang, Heqiang},
  journal={IEEE Transactions on Wireless Communications},
  volume={20},
  number={2},
  pages={1188--1200},
  year={2020},
  publisher={IEEE}
}


@inproceedings{nishio2019client,
  title={Client selection for federated learning with heterogeneous resources in mobile edge},
  author={Nishio, Takayuki and Yonetani, Ryo},
  booktitle={ICC 2019-2019 IEEE international conference on communications (ICC)},
  pages={1--7},
  year={2019},
  organization={IEEE}
}


@article{abdulrahman2020fedmccs,
  title={FedMCCS: Multicriteria client selection model for optimal IoT federated learning},
  author={AbdulRahman, Sawsan and Tout, Hanine and Mourad, Azzam and Talhi, Chamseddine},
  journal={IEEE Internet of Things Journal},
  volume={8},
  number={6},
  pages={4723--4735},
  year={2020},
  publisher={IEEE}
}


@article{imteaj2021survey,
  title={A survey on federated learning for resource-constrained iot devices},
  author={Imteaj, Ahmed and Thakker, Urmish and Wang, Shiqiang and Li, Jian and Amini, M Hadi},
  journal={IEEE Internet of Things Journal},
  volume={9},
  number={1},
  pages={1--24},
  year={2021},
  publisher={IEEE}
}


@article{saha2020fogfl,
  title={FogFL: Fog-assisted federated learning for resource-constrained IoT devices},
  author={Saha, Rituparna and Misra, Sudip and Deb, Pallav Kumar},
  journal={IEEE Internet of Things Journal},
  volume={8},
  number={10},
  pages={8456--8463},
  year={2020},
  publisher={IEEE}
}


@article{yang2019federated,
  title={Federated learning},
  author={Yang, Qiang and Liu, Yang and Cheng, Yong and Kang, Yan and Chen, Tianjian and Yu, Han},
  journal={Synthesis Lectures on Artificial Intelligence and Machine Learning},
  volume={13},
  number={3},
  pages={1--207},
  year={2019},
  publisher={Morgan \& Claypool Publishers}
}


@inproceedings{sandler2018mobilenetv2,
  title={Mobilenetv2: Inverted residuals and linear bottlenecks},
  author={Sandler, Mark and Howard, Andrew and Zhu, Menglong and Zhmoginov, Andrey and Chen, Liang-Chieh},
  booktitle={Proceedings of the IEEE conference on computer vision and pattern recognition},
  pages={4510--4520},
  year={2018}
}


@article{beutel2020flower,
  title={Flower: A friendly federated learning research framework},
  author={Beutel, Daniel J and Topal, Taner and Mathur, Akhil and Qiu, Xinchi and Parcollet, Titouan and de Gusm{\~a}o, Pedro PB and Lane, Nicholas D},
  journal={arXiv preprint arXiv:2007.14390},
  year={2020}
}

@inproceedings{bonawitz2017practical,
  title={Practical secure aggregation for privacy-preserving machine learning},
  author={Bonawitz, Keith and Ivanov, Vladimir and Kreuter, Ben and Marcedone, Antonio and McMahan, H Brendan and Patel, Sarvar and Ramage, Daniel and Segal, Aaron and Seth, Karn},
  booktitle={proceedings of the 2017 ACM SIGSAC Conference on Computer and Communications Security},
  pages={1175--1191},
  year={2017}
}

@inproceedings{shokri2015privacy,
  title={Privacy-preserving deep learning},
  author={Shokri, Reza and Shmatikov, Vitaly},
  booktitle={Proceedings of the 22nd ACM SIGSAC conference on computer and communications security},
  pages={1310--1321},
  year={2015}
}


@article{howard2017mobilenets,
  title={Mobilenets: Efficient convolutional neural networks for mobile vision applications},
  author={Howard, Andrew G and Zhu, Menglong and Chen, Bo and Kalenichenko, Dmitry and Wang, Weijun and Weyand, Tobias and Andreetto, Marco and Adam, Hartwig},
  journal={arXiv preprint arXiv:1704.04861},
  year={2017}
}


@inproceedings{howard2019searching,
  title={Searching for mobilenetv3},
  author={Howard, Andrew and Sandler, Mark and Chu, Grace and Chen, Liang-Chieh and Chen, Bo and Tan, Mingxing and Wang, Weijun and Zhu, Yukun and Pang, Ruoming and Vasudevan, Vijay and others},
  booktitle={Proceedings of the IEEE/CVF international conference on computer vision},
  pages={1314--1324},
  year={2019}
}

@article{mathur2021device,
  title={On-device federated learning with flower},
  author={Mathur, Akhil and Beutel, Daniel J and de Gusm{\~a}o, Pedro Porto Buarque and Fernandez-Marques, Javier and Topal, Taner and Qiu, Xinchi and Parcollet, Titouan and Gao, Yan and Lane, Nicholas D},
  journal={arXiv preprint arXiv:2104.03042},
  year={2021}
}

@article{he2021fedcv,
  title={Fedcv: a federated learning framework for diverse computer vision tasks},
  author={He, Chaoyang and Shah, Alay Dilipbhai and Tang, Zhenheng and Sivashunmugam, Di Fan1Adarshan Naiynar and Bhogaraju, Keerti and Shimpi, Mita and Shen, Li and Chu, Xiaowen and Soltanolkotabi, Mahdi and Avestimehr, Salman},
  journal={arXiv preprint arXiv:2111.11066},
  year={2021}
}

@misc{github,
  author = {Vipul Singh Negi},
  title = {{Flower Codes for MobileNets model architecture}},
  note = {https://github.com/vipulhld001/FLWR [Accessed 15-Sep-2023]},
  year = {2023}, 
}

@article{li2023federated,
  title={Federated Domain Generalization: A Survey},
  author={Li, Ying and Wang, Xingwei and Zeng, Rongfei and Donta, Praveen Kumar and Murturi, Ilir and Huang, Min and Dustdar, Schahram},
  journal={arXiv preprint arXiv:2306.01334},
  year={2023}
}

@article{wang2023applications,
  title={Applications of Federated Learning in Mobile Health: Scoping Review},
  author={Wang, Tongnian and Du, Yan and Gong, Yanmin and Choo, Kim-Kwang Raymond and Guo, Yuanxiong},
  journal={Journal of Medical Internet Research},
  volume={25},
  pages={e43006},
  year={2023},
  publisher={JMIR Publications Toronto, Canada}
}

@misc{market,
	author = {Markets and Markets},
	title = {{Edge AI Hardware Market}},
	note = {https://www.marketsandmarkets.com/Market-Reports/edge-ai-hardware-market-158498281.html [Accessed 22-Jul-2024]},
	year = {2023}, 
}

@inproceedings{ezzeldin2023fairfed,
	title={Fairfed: Enabling group fairness in federated learning},
	author={Ezzeldin, Yahya H and Yan, Shen and He, Chaoyang and Ferrara, Emilio and Avestimehr, A Salman},
	booktitle={Proceedings of the AAAI Conference on Artificial Intelligence},
	volume={37},
	number={6},
	pages={7494--7502},
	year={2023}
}

@article{cifar10,
	title= {CIFAR-10 (Canadian Institute for Advanced Research)},
	journal= {},
	author= {Alex Krizhevsky and Vinod Nair and Geoffrey Hinton},
	year= {},
	url= {http://www.cs.toronto.edu/~kriz/cifar.html},
	
}

@article{lecun1998mnist,
	title={The MNIST database of handwritten digits},
	author={LeCun, Yann},
	journal={http://yann. lecun. com/exdb/mnist/},
	year={1998}
}

@misc{xiao2017fashionmnistnovelimagedataset,
	title={Fashion-MNIST: a Novel Image Dataset for Benchmarking Machine Learning Algorithms}, 
	author={Han Xiao and Kashif Rasul and Roland Vollgraf},
	year={2017},
	eprint={1708.07747},
	archivePrefix={arXiv},
	primaryClass={cs.LG},
	url={https://arxiv.org/abs/1708.07747}, 
}
 @TECHREPORT{Krizhevsky09learningmultiple,
	author={Alex Krizhevsky},
	title={Learning multiple layers of features from tiny images},
	institution={},
	year={2009}
}

@article{chen2023boosting,
	title={Boosting Client Selection of Federated Learning under Device and Data Heterogeneity},
	author={Chen, Shuaijun and Tavallaie, Omid and Hambali, Michael Henri and Zandavi, Seid Miad and Haddadi, Hamed and Guo, Song and Zomaya, Albert Y},
	journal={arXiv preprint arXiv:2310.08147},
	year={2023}
}

@article{radhakrishnan2014gtid,
	title={GTID: A technique for physical device and device type fingerprinting},
	author={Radhakrishnan, Sakthi Vignesh and Uluagac, A Selcuk and Beyah, Raheem},
	journal={IEEE Transactions on Dependable and Secure Computing},
	volume={12},
	number={5},
	pages={519--532},
	year={2014},
	publisher={IEEE}
}

@inproceedings{patwari2022dnn,
	title={DNN model architecture fingerprinting attack on CPU-GPU edge devices},
	author={Patwari, Kartik and Hafiz, Syed Mahbub and Wang, Han and Homayoun, Houman and Shafiq, Zubair and Chuah, Chen-Nee},
	booktitle={2022 IEEE 7th European Symposium on Security and Privacy (EuroS\&P)},
	pages={337--355},
	year={2022},
	organization={IEEE}
}
@article{li2020federated,
	title={Federated optimization in heterogeneous networks},
	author={Li, Tian and Sahu, Anit Kumar and Zaheer, Manzil and Sanjabi, Maziar and Talwalkar, Ameet and Smith, Virginia},
	journal={Proceedings of Machine learning and systems},
	volume={2},
	pages={429--450},
	year={2020}
}

@article{zhang2024adaptfl,
	title={AdaptFL: Adaptive Federated Learning Framework for Heterogeneous Devices},
	author={Zhang, Yingqi and Xia, Hui and Xu, Shuo and Wang, Xiangxiang and Xu, Lijuan},
	journal={Future Generation Computer Systems},
	pages={107610},
	year={2024},
	publisher={Elsevier}
}

@article{zhang2024fedsl,
	title={FedSL: A Communication Efficient Federated Learning With Split Layer Aggregation},
	author={Zhang, Weishan and Zhou, Tao and Lu, Qinghua and Yuan, Yong and Tolba, Amr and Said, Wael},
	journal={IEEE Internet of Things Journal},
	year={2024},
	publisher={IEEE}
}

@article{ma2021adaptive,
	title={Adaptive batch size for federated learning in resource-constrained edge computing},
	author={Ma, Zhenguo and Xu, Yang and Xu, Hongli and Meng, Zeyu and Huang, Liusheng and Xue, Yinxing},
	journal={IEEE Transactions on Mobile Computing},
	volume={22},
	number={1},
	pages={37--53},
	year={2021},
	publisher={IEEE}
}

@article{orlandi2023entropy,
	title={Entropy to mitigate non-IID data problem on federated learning for the edge intelligence environment},
	author={Orlandi, Fernanda C and Dos Anjos, Julio CS and Leithardt, Valderi RQ and Santana, Juan Francisco De Paz and Geyer, Claudio FR},
	journal={IEEE Access},
	volume={11},
	pages={78845--78857},
	year={2023},
	publisher={IEEE}
}

@article{mills2023faster,
	title={Faster Federated Learning With Decaying Number of Local SGD Steps},
	author={Mills, Jed and Hu, Jia and Min, Geyong},
	journal={IEEE Transactions on Parallel and Distributed Systems},
	volume={34},
	number={7},
	pages={2198--2207},
	year={2023},
	publisher={IEEE}
}


@article{hu2025federated,
	title={Federated learning client selection algorithm based on gradient similarity},
	author={Hu, Lingxi and Hu, Yuanyuan and Jiang, Linhua and Long, Wei},
	journal={Cluster Computing},
	volume={28},
	number={2},
	pages={134},
	year={2025},
	publisher={Springer}
}

@inproceedings{ye2022eco,
	title={Eco-fl: Adaptive federated learning with efficient edge collaborative pipeline training},
	author={Ye, Shengyuan and Zeng, Liekang and Wu, Qiong and Luo, Ke and Fang, Qingze and Chen, Xu},
	booktitle={Proceedings of the 51st International Conference on Parallel Processing},
	pages={1--11},
	year={2022}
}

@inproceedings{negi2023study,
	title={Study of MobileNets Model in Federated Learning},
	author={Negi, Vipul Singh and Chinara, Suchismita},
	booktitle={2023 IEEE Intl Conf on Dependable, Autonomic and Secure Computing, Intl Conf on Pervasive Intelligence and Computing, Intl Conf on Cloud and Big Data Computing, Intl Conf on Cyber Science and Technology Congress (DASC/PiCom/CBDCom/CyberSciTech)},
	pages={1040--1044},
	year={2023},
	organization={IEEE}
}

@misc{gitflwr,
	author = {Vipul Singh Negi},
	title = {{Github Code FedLR}},
	note = {https://github.com/vipulhld001/flower [Accessed 15-Dec-2024]},
	year = {2024}, 
}